<?xml version="1.0" encoding="UTF-8"?>
<record>
  <leader>01463cam#a2200433#c#4500</leader>
  <controlfield tag="005">20220608092800.0</controlfield>
  <controlfield tag="007">cr#|||||||||||</controlfield>
  <controlfield tag="008">190918|2016####gw######o#####|||#|#ger#c</controlfield>
  <controlfield tag="003">DE-605</controlfield>
  <controlfield tag="001">990363946050206441</controlfield>
  <datafield tag="020" ind1=" " ind2=" ">
    <subfield code="a">9783161546303</subfield>
    <subfield code="c">e-book</subfield>
    <subfield code="9">978-3-16-154630-3</subfield>
  </datafield>
  <datafield tag="035" ind1=" " ind2=" ">
    <subfield code="a">(DE-605)HT020202475</subfield>
  </datafield>
  <datafield tag="040" ind1=" " ind2=" ">
    <subfield code="c">DE-605</subfield>
    <subfield code="a">290</subfield>
    <subfield code="b">ger</subfield>
    <subfield code="d">5</subfield>
    <subfield code="e">rda</subfield>
    <subfield code="d">DE-605</subfield>
  </datafield>
  <datafield tag="041" ind1=" " ind2=" ">
    <subfield code="a">ger</subfield>
  </datafield>
  <datafield tag="044" ind1=" " ind2=" ">
    <subfield code="c">XA-DE</subfield>
  </datafield>
  <datafield tag="100" ind1="1" ind2=" ">
    <subfield code="a">Breuer, Stefan</subfield>
    <subfield code="d">1948-</subfield>
    <subfield code="0">(DE-588)120195364</subfield>
    <subfield code="4">aut</subfield>
    <subfield code="0">https://portal.dnb.de/opac.htm?method=simpleSearch&amp;cqlMode=true&amp;query=idn=120195364</subfield>
    <subfield code="0">http://viaf.org/viaf/sourceID/DNB|120195364</subfield>
    <subfield code="B">GND-120195364</subfield>
  </datafield>
  <datafield tag="245" ind1="1" ind2="0">
    <subfield code="a">Kritische Theorie</subfield>
    <subfield code="b">Schlüsselbegriffe, Kontroversen, Grenzen</subfield>
    <subfield code="c">Stefan Breuer</subfield>
  </datafield>
  <datafield tag="264" ind1=" " ind2="1">
    <subfield code="a">Tübingen</subfield>
    <subfield code="b">Mohr Siebeck</subfield>
    <subfield code="c">[2016]</subfield>
  </datafield>
  <datafield tag="264" ind1=" " ind2="4">
    <subfield code="c">© 2016</subfield>
  </datafield>
  <datafield tag="300" ind1=" " ind2=" ">
    <subfield code="a">1 Online-Ressource (271 Seiten)</subfield>
  </datafield>
  <datafield tag="336" ind1=" " ind2=" ">
    <subfield code="b">txt</subfield>
  </datafield>
  <datafield tag="337" ind1=" " ind2=" ">
    <subfield code="b">c</subfield>
  </datafield>
  <datafield tag="338" ind1=" " ind2=" ">
    <subfield code="b">cr</subfield>
  </datafield>
  <datafield tag="689" ind1="0" ind2="0">
    <subfield code="a">Kritische Theorie</subfield>
    <subfield code="D">s</subfield>
    <subfield code="0">(DE-588)4073840-1</subfield>
    <subfield code="0">https://portal.dnb.de/opac.htm?method=simpleSearch&amp;cqlMode=true&amp;query=idn=04073840X</subfield>
    <subfield code="0">http://viaf.org/viaf/sourceID/DNB|04073840X</subfield>
    <subfield code="B">GND-04073840X</subfield>
  </datafield>
  <datafield tag="856" ind1="4" ind2="0">
    <subfield code="u">https://doi.org/10.1628/978-3-16-154630-3</subfield>
    <subfield code="x">Resolving-System</subfield>
    <subfield code="3">Volltext</subfield>
  </datafield>
  <datafield tag="856" ind1="4" ind2="0">
    <subfield code="u">https://www.mohrsiebeck.com/buch/kritische-theorie-9783161546303</subfield>
    <subfield code="x">Verlag</subfield>
    <subfield code="3">Volltext</subfield>
  </datafield>
  <datafield tag="912" ind1=" " ind2=" ">
    <subfield code="a">ZDB-197-MSE</subfield>
  </datafield>
  <datafield tag="960" ind1="1" ind2=" ">
    <subfield code="i">iall</subfield>
  </datafield>
  <datafield tag="962" ind1=" " ind2=" ">
    <subfield code="e">ZDB-197-MSE</subfield>
  </datafield>
  <datafield tag="964" ind1="0" ind2="s">
    <subfield code="F">051</subfield>
    <subfield code="A">m|||||||</subfield>
  </datafield>
  <datafield tag="964" ind1="0" ind2="i">
    <subfield code="I">marc-FMT via MAB2MARC</subfield>
    <subfield code="F">FMT</subfield>
    <subfield code="A">BK</subfield>
  </datafield>
  <datafield tag="964" ind1="0" ind2="s">
    <subfield code="F">030</subfield>
    <subfield code="A">a||ur||||||17</subfield>
  </datafield>
  <datafield tag="964" ind1="0" ind2="s">
    <subfield code="F">050</subfield>
    <subfield code="A">||||||||g|||||</subfield>
  </datafield>
  <datafield tag="035" ind1=" " ind2=" ">
    <subfield code="a">(DE-627)01281704X</subfield>
  </datafield>
  <datafield tag="035" ind1=" " ind2=" ">
    <subfield code="a">(XX-XxUND)KEP01281704X</subfield>
  </datafield>
  <datafield tag="035" ind1=" " ind2=" ">
    <subfield code="a">(EDP)01281704X</subfield>
  </datafield>
  <datafield tag="024" ind1="7" ind2=" ">
    <subfield code="a">10.1628/978-3-16-154630-3</subfield>
    <subfield code="2">doi</subfield>
  </datafield>
  <datafield tag="776" ind1="0" ind2="8">
    <subfield code="i">Erscheint auch als</subfield>
    <subfield code="a">Breuer, Stefan</subfield>
    <subfield code="t">Kritische Theorie</subfield>
    <subfield code="n">Druck-Ausgabe</subfield>
    <subfield code="z">9783161546105</subfield>
    <subfield code="w">(DE-605)HT019007872</subfield>
    <subfield code="9">978-3-16-154610-5</subfield>
  </datafield>
  <datafield tag="650" ind1=" " ind2="4">
    <subfield code="a">Critical theory</subfield>
  </datafield>
  <datafield tag="650" ind1=" " ind2="4">
    <subfield code="a">Electronic books</subfield>
  </datafield>
  <datafield tag="MBD" ind1=" " ind2=" ">
    <subfield code="M">49HBZ_NETWORK</subfield>
    <subfield code="i">990363946050206441</subfield>
    <subfield code="n">HBZ Network</subfield>
  </datafield>
  <datafield tag="MBD" ind1=" " ind2=" ">
    <subfield code="M">49HBZ_UBD</subfield>
    <subfield code="i">991009604019706445</subfield>
    <subfield code="n">Technische Universität Dortmund</subfield>
  </datafield>
  <datafield tag="MBD" ind1=" " ind2=" ">
    <subfield code="M">49HBZ_ULB</subfield>
    <subfield code="i">991044884199706467</subfield>
    <subfield code="n">Universitaet Bonn</subfield>
  </datafield>
  <datafield tag="MNG" ind1=" " ind2=" ">
    <subfield code="c">System</subfield>
    <subfield code="f">HBZ</subfield>
    <subfield code="i">marc21</subfield>
    <subfield code="h">20220608092800.0</subfield>
    <subfield code="k">01</subfield>
    <subfield code="e">false</subfield>
    <subfield code="d">2023-04-03 11:39:13 Europe/Berlin</subfield>
    <subfield code="g">036394605-HBZ01</subfield>
    <subfield code="j">60</subfield>
    <subfield code="a">import</subfield>
    <subfield code="b">2021-04-05 12:19:05 Europe/Berlin</subfield>
  </datafield>
  <datafield tag="POR" ind1=" " ind2=" ">
    <subfield code="x">System</subfield>
    <subfield code="a">53209365020006445</subfield>
    <subfield code="M">49HBZ_UBD</subfield>
    <subfield code="c">static</subfield>
    <subfield code="l">Zugriff nur im Hochschulnetz der Technischen Universität Dortmund bzw. für autorisierte Benutzer</subfield>
    <subfield code="y">2021-04-20 21:35:24 Europe/Berlin</subfield>
    <subfield code="w">2021-04-20 21:35:19 Europe/Berlin</subfield>
    <subfield code="D">https://eu04.alma.exlibrisgroup.com/view/uresolver/49HBZ_NETWORK/openurl?u.ignore_date_coverage=true&amp;portfolio_pid=53209365020006445&amp;Force_direct=true</subfield>
    <subfield code="v">P2E_JOB</subfield>
    <subfield code="z">2021-04-20 19:35:19</subfield>
    <subfield code="i">false</subfield>
    <subfield code="S">52209365030006445</subfield>
    <subfield code="d">https://hbz-network.userservices.exlibrisgroup.com/view/uresolver/49HBZ_NETWORK/openurl?u.ignore_date_coverage=true&amp;rft.mms_id=991009604019706445</subfield>
    <subfield code="b">Available</subfield>
    <subfield code="f">BOOK</subfield>
    <subfield code="e">https://doi.org/10.1628/978-3-16-154630-3</subfield>
    <subfield code="8">53209365020006445</subfield>
  </datafield>
  <datafield tag="POR" ind1=" " ind2=" ">
    <subfield code="x">System</subfield>
    <subfield code="a">53319452280006467</subfield>
    <subfield code="M">49HBZ_ULB</subfield>
    <subfield code="c">static</subfield>
    <subfield code="l">Im Hochschulnetz zugänglich</subfield>
    <subfield code="y">2023-07-25 13:27:28 Europe/Berlin</subfield>
    <subfield code="w">2023-07-25 13:27:21 Europe/Berlin</subfield>
    <subfield code="D">https://eu04.alma.exlibrisgroup.com/view/uresolver/49HBZ_NETWORK/openurl?u.ignore_date_coverage=true&amp;portfolio_pid=53319452280006467&amp;Force_direct=true</subfield>
    <subfield code="v">P2E_JOB</subfield>
    <subfield code="z">2023-07-25 11:27:21</subfield>
    <subfield code="i">false</subfield>
    <subfield code="S">52319452290006467</subfield>
    <subfield code="d">https://hbz-network.userservices.exlibrisgroup.com/view/uresolver/49HBZ_NETWORK/openurl?u.ignore_date_coverage=true&amp;rft.mms_id=991044884199706467</subfield>
    <subfield code="b">Available</subfield>
    <subfield code="f">BOOK</subfield>
    <subfield code="e">https://www.mohrsiebeck.com/buch/kritische-theorie-9783161546303</subfield>
    <subfield code="8">53319452280006467</subfield>
  </datafield>
  <datafield tag="POR" ind1=" " ind2=" ">
    <subfield code="x">System</subfield>
    <subfield code="a">53319452300006467</subfield>
    <subfield code="M">49HBZ_ULB</subfield>
    <subfield code="c">static</subfield>
    <subfield code="l">Im Hochschulnetz zugänglich</subfield>
    <subfield code="y">2023-07-25 13:27:28 Europe/Berlin</subfield>
    <subfield code="w">2023-07-25 13:27:21 Europe/Berlin</subfield>
    <subfield code="D">https://eu04.alma.exlibrisgroup.com/view/uresolver/49HBZ_NETWORK/openurl?u.ignore_date_coverage=true&amp;portfolio_pid=53319452300006467&amp;Force_direct=true</subfield>
    <subfield code="v">P2E_JOB</subfield>
    <subfield code="z">2023-07-25 11:27:21</subfield>
    <subfield code="i">false</subfield>
    <subfield code="S">52319452310006467</subfield>
    <subfield code="d">https://hbz-network.userservices.exlibrisgroup.com/view/uresolver/49HBZ_NETWORK/openurl?u.ignore_date_coverage=true&amp;rft.mms_id=991044884199706467</subfield>
    <subfield code="b">Available</subfield>
    <subfield code="f">BOOK</subfield>
    <subfield code="e">https://doi.org/10.1628/978-3-16-154630-3</subfield>
    <subfield code="8">53319452300006467</subfield>
  </datafield>
  <datafield tag="GPN" ind1="1" ind2=" ">
    <subfield code="a">Brojer, Štefan</subfield>
    <subfield code="d">1948-</subfield>
    <subfield code="A">GND</subfield>
    <subfield code="B">GND-120195364</subfield>
    <subfield code="C">400</subfield>
  </datafield>
  <datafield tag="GPN" ind1="1" ind2=" ">
    <subfield code="a">Breuer, S.</subfield>
    <subfield code="d">1948-</subfield>
    <subfield code="A">GND</subfield>
    <subfield code="B">GND-120195364</subfield>
    <subfield code="C">400</subfield>
  </datafield>
  <datafield tag="GSI" ind1="7" ind2=" ">
    <subfield code="a">120195364</subfield>
    <subfield code="0">http://d-nb.info/gnd/120195364</subfield>
    <subfield code="2">gnd</subfield>
    <subfield code="A">GND</subfield>
    <subfield code="B">GND-120195364</subfield>
    <subfield code="C">024</subfield>
  </datafield>
  <datafield tag="GST" ind1=" " ind2=" ">
    <subfield code="a">Frankfurter Schule</subfield>
    <subfield code="A">GND</subfield>
    <subfield code="B">GND-04073840X</subfield>
    <subfield code="C">450</subfield>
  </datafield>
  <datafield tag="GST" ind1=" " ind2=" ">
    <subfield code="a">Kritische Gesellschaftstheorie</subfield>
    <subfield code="A">GND</subfield>
    <subfield code="B">GND-04073840X</subfield>
    <subfield code="C">450</subfield>
  </datafield>
  <datafield tag="GSI" ind1="7" ind2=" ">
    <subfield code="a">4073840-1</subfield>
    <subfield code="0">http://d-nb.info/gnd/4073840-1</subfield>
    <subfield code="2">gnd</subfield>
    <subfield code="A">GND</subfield>
    <subfield code="B">GND-04073840X</subfield>
    <subfield code="C">024</subfield>
  </datafield>
</record>
